<?xml version="1.0" encoding="UTF-8"?><collection xmlns="http://www.loc.gov/MARC21/slim"><record><leader>00408nam--2200145-i-4500</leader><controlfield tag="001">000017708</controlfield><controlfield tag="002">20161230</controlfield><controlfield tag="005">20170304153020</controlfield><controlfield tag="008">060222s1000------------r-----000-0-eng-d</controlfield><datafield ind1=" " ind2=" " tag="245"><subfield code="a">The mossbauer effects and its aplications in chemistry</subfield></datafield><datafield ind1=" " ind2=" " tag="260"><subfield code="a">Washington</subfield><subfield code="b">American Chemical Society</subfield></datafield><datafield ind1=" " ind2=" " tag="490"><subfield code="a">Advances In Chemistry Series</subfield></datafield><datafield ind1=" " ind2=" " tag="700"><subfield code="a">Herber, R. L</subfield></datafield><datafield ind1=" " ind2=" " tag="852"><subfield code="a">12136</subfield></datafield><datafield ind1=" " ind2=" " tag="CAT"><subfield code="a">SYS</subfield><subfield code="c">20170304</subfield><subfield code="h">153020</subfield></datafield></record></collection>